@online{arduino-docs-stepper-motor-2022,
    author = {Arduino Docs},
    date = {2022-02-04},
    language = {american},
    title = {Arduino and Stepper Motor Configurations},
    url = {https://docs.arduino.cc/learn/electronics/stepper-motors/},
    urldate = {2022-02-27}
}

@online{monk-dc-motors-2012,
    author = {given-i=S.M., family=Monk},
    date = {2012-12-17},
    language = {american},
    title = {Arduino Lesson 13. DC Motors},
    url = {https://learn.adafruit
 .com/adafruit-arduino-lesson-13-dc-motors/overview}
}

@online{jost-ir-sensor-2019,
    author = {given-i=D.J, family=Jost},
    date = {2019-07-30},
    language = {english},
    title = {What is an IR sensor?},
    url = {https://www.fierceelectronics.com/sensors/what-ir-sensor},
    urldate = {2022-02-27},
}

@online{adafruit-learning-system-pir-sensor-2014A,
    author = {Adafruit Learning System by lady ada},
    date = {2014-01-29},
    language = {american},
    title = {PIR Motion Sensor},
    url = {https://learn.adafruit
 .com/pir-passive-infrared-proximity-motion-sensor/using-a-pir-w-arduino},
    urldate = {2022-02-27}
}

@online{adafruit-learning-system-pir-how-it-works-2014B,
    author = {Adafruit Learning System by lady ada},
    date = {2014-01-29},
    language = {american},
    title = {PIR Motion Sensor},
    url = {https://learn.adafruit
 .com/pir-passive-infrared-proximity-motion-sensor/how-pirs-work},
    urldate = {2022-02-27}
}

@online{wikipedia-pir-sensor-2022,
    author = {Wikipedia contributors},
    date = {2022-02-15},
    language = {english},
    title = {Passive infrared sensor},
    url = {https://en.wikipedia.org/wiki/Passive_infrared_sensor},
    urldate = {2022-02-27}
}

@article{welbourne-2016,
    author = {given-i={D. J.}, given={Dustin J.}, family=Welbourne and
    given-i={A. W.}, given={Andrew W.}, family=Claridge and given-i={D. J.},
    given={David J.}, family=Paull and given-i=A., given=Andrew,
    family=Lambert},
    date = {2016},
    doi = {10.1002/rse2.20},
    editor = {given-i=M., given=Marcus, family=Rowcliffe and given-i=M.,
    given=Mat, family=Disney},
    journaltitle = {Remote Sensing in Ecology and Conservation},
    language = {american},
    number = {2},
    pages = {77--83},
    title = {How do passive infrared triggered camera traps operate and why
    does it matter? Breaking down common misconceptions},
    volume = {2}
}

@online{prometecnet-2019,
    author = {Prometec.net},
    date = {2019},
    language = {american},
    title = {MÃ“DULO BLUETOOTH HC-06},
    url = {https://www.prometec.net/bt-hc06/},
    urldate = {2022-02-28}
}

@online{wikipedia-stepper-motor-2022,
    author = {Wikipedia contributors},
    date = {2022-01-24},
    language = {english},
    title = {Stepper motor},
    url = {https://en.wikipedia.org/wiki/Stepper_motor},
    urldate = {2022-02-28}
}

@online{grobotronicscom-2022,
    author = {grobotronics.com},
    date = {2022},
    language = {english},
    title = {Darlington Array ULN2004},
    url = {https://grobotronics.com/darlington-array-uln2004
 .html?sl=en#:%7E:text=The%20ULN2004%20are%20high%20voltage,
 peak%20currents%20of%20600%20mA.},
    urldate = {2022-02-28}
}
